@Article{Stewart2009,
author = "Mark G. Stewart",
title = "Mechanical behaviour of pitting corrosion of flexural and shear reinforcement and its effect on structural reliability of corroding RC beams",
journal = "Structural Safety",
volume = "31",
number = "1",
pages = "19--30",
year = "2009",
issn = "0167-4730",
doi = "10.1016/j.strusafe.2007.12.001",
}

