%% This BibTeX bibliography file was created using BibDesk.
%% http://bibdesk.sourceforge.net/


%% Created for Clemens Kielhauser at 2014-09-10 16:08:49 +0200 


%% Saved with string encoding Unicode (UTF-8) 



@book{chicago2010,
	Author = {University Chicago},
	Date-Modified = {2014-09-10 14:08:47 +0000},
	Isbn = {9780226104201},
	Lccn = {92037475},
	Publisher = {University of Chicago Press},
	Series = {Chicago Manual of Style},
	Title = {The Chicago Manual of Style},
	Year = {2010}}

@book{Nowak2000,
	Address = {Boston},
	Author = {Andrzej~S. Nowak and Kevin~R. Collins},
	Edition = {first edition},
	Isbn = {9780070481633},
	Lccn = {99026732},
	Publisher = {McGraw-Hill Higher Education},
	Series = {McGraw-Hill civil engineering series},
	Title = {Reliability of Structures},
	Year = 2000}

@article{Stewart2009,
	Author = {Mark G. Stewart},
	Doi = {10.1016/j.strusafe.2007.12.001},
	Issn = {0167-4730},
	Journal = {Structural Safety},
	Number = {1},
	Pages = {19--30},
	Title = {Mechanical behaviour of pitting corrosion of flexural and shear reinforcement and its effect on structural reliability of corroding RC beams},
	Volume = {31},
	Year = {2009},
	Bdsk-Url-1 = {http://dx.doi.org/10.1016/j.strusafe.2007.12.001}}
