@BOOK{Nowak2000,
  author = 	 {Andrzej~S. Nowak and Kevin~R. Collins},
  title = 	 {Reliability of Structures},
  publisher = 	 {McGraw-Hill Higher Education},
  year = 	 2000,
  series = 	 {McGraw-Hill civil engineering series},
  address = 	 {Boston},
  edition = 	 {first edition},
  isbn={9780070481633},
  lccn={99026732},
}
